<record xmlns='http://www.loc.gov/MARC21/slim'
><leader
  >01496ntm a2200265Ii 4500</leader
  ><controlfield tag='001'
  >991058323003606011</controlfield
  ><controlfield tag='005'
  >20220610142536.0</controlfield
  ><controlfield tag='008'
  >220610s1686    enk           000 0 eng d</controlfield
  ><datafield ind1=' ' ind2=' ' tag='035'
  ><subfield code='a'
    >(OCoLC)1328053774h</subfield
    ></datafield
  ><datafield ind1=' ' ind2=' ' tag='035'
  ><subfield code='a'
    >(OCoLC)on1328053774h</subfield
    ></datafield
  ><datafield ind1=' ' ind2=' ' tag='040'
  ><subfield code='a'
    >HRH</subfield
    ><subfield code='b'
    >eng</subfield
    ><subfield code='e'
    >dcrmmss</subfield
    ><subfield code='c'
    >HRH</subfield
    ></datafield
  ><datafield ind1=' ' ind2=' ' tag='041'
  ><subfield code='a'
    >lat</subfield
    ></datafield
  ><datafield ind1=' ' ind2=' ' tag='049'
  ><subfield code='a'
    >HRHH</subfield
    ></datafield
  ><datafield ind1=' ' ind2='9' tag='099'
  ><subfield code='a'
    >MS 3327, Container 129</subfield
    ></datafield
  ><datafield ind1='0' ind2='0' tag='245'
  ><subfield code='a'
    >Excerpts possibly made by Sir Isaac Newton (1642-1727) from Dickinson&apos;s alchemical tract, Epistola Edmundi Dickinson MD. &amp; medici regii ad Theodorum Mundanum philosophum adeptum: De quintessentia philosophorum et De vera physiologia, una cum quaestionibus aliquot de secreta materia physica (Oxford: Sheldonian Theatre, 1686) :</subfield
    ><subfield code='k'
    >manuscript.</subfield
    ></datafield
  ><datafield ind1=' ' ind2='0' tag='264'
  ><subfield code='a'
    >England ;</subfield
    ><subfield code='c'
    >1686 or later</subfield
    ></datafield
  ><datafield ind1=' ' ind2=' ' tag='300'
  ><subfield code='a'
    >8 leaves :</subfield
    ><subfield code='b'
    >paper,</subfield
    ><subfield code='c'
    >22 x 17 cm</subfield
    ></datafield
  ><datafield ind1=' ' ind2=' ' tag='500'
  ><subfield code='a'
    >The correspondence between Dickinson and Theodore Mundanus took place in 1683 and 1684, but the letter and response were not printed until 1686.</subfield
    ></datafield
  ><datafield ind1=' ' ind2=' ' tag='590'
  ><subfield code='a'
    >MS 3327, Container 129: Catherine Conduitt, Viscountess Lymington (great-niece of Sir Isaac Newton); by descent to the Viscount Lymington, who sold the collection of Newton manuscripts at Sothebys, London, in July 1936, lot 52. DIDB record: 21967</subfield
    ></datafield
  ><datafield ind1=' ' ind2='0' tag='650'
  ><subfield code='a'
    >Alchemy.</subfield
    ></datafield
  ><datafield ind1='1' ind2=' ' tag='790'
  ><subfield code='a'
    >Wallop (Conduit), Catherine,</subfield
    ><subfield code='c'
    >Viscountess Lymington,</subfield
    ><subfield code='e'
    >former owner.</subfield
    ></datafield
  ><datafield ind1='1' ind2=' ' tag='790'
  ><subfield code='a'
    >Lymington,</subfield
    ><subfield code='c'
    >Viscount,</subfield
    ><subfield code='e'
    >former owner.</subfield
    ></datafield
  ><datafield ind1='2' ind2=' ' tag='791'
  ><subfield code='a'
    >Medieval and Early Modern Manuscripts Collection.</subfield
    ></datafield
  ><datafield ind1=' ' ind2=' ' tag='752'
  ><subfield code='a'
    >England,</subfield
    ><subfield code='e'
    >producation place.</subfield
    ></datafield
  ><datafield ind1=' ' ind2=' ' tag='994'
  ><subfield code='a'
    >C0</subfield
    ><subfield code='b'
    >HRH</subfield
    ></datafield
  ></record
>